@inproceedings{batool2013precise,
  title={Precise tweet classification and sentiment analysis},
  author={Batool, Rabia and Khattak, Asad Masood and Maqbool, Jahanzeb and Lee, Sungyoung},
  booktitle={2013 IEEE/ACIS 12th International Conference on Computer and Information Science (ICIS)},
  pages={461--466},
  year={2013},
  organization={IEEE}
}


@article{stojanovski2014tweetviz,
  title={Tweetviz: Twitter data visualization},
  author={Stojanovski, Dario and Dimitrovski, Ivica and Madjarov, Gjorgji},
  journal={Proceedings of the data mining and data warehouses},
  year={2014}
}


@article{budiharto2018prediction,
  title={Prediction and analysis of Indonesia Presidential election from Twitter using sentiment analysis},
  author={Budiharto, W and Meiliana, M},
  journal={Journal of Big Data},
  volume={5},
  number={1},
  pages={51},
  year={2018},
}

@article{ramly2018comparative,
  title={Comparative Analysis on Data Visualization for Operations Dashboard},
  author={Ramly, NN and Nor, FM and Ahmad, NH and Aziz, MH},
  journal={International Journal of Information and Education Technology},
  volume={2},
  number={1},
  year={2018},
}

@online{shushant_nepali_sentiment,
  author       = {Shushant},
  title        = {Nepali Sentiment Dataset},
  year         = {2020},
  url          = {https://huggingface.co/datasets/Shushant/NepaliSentiment},
  note         = {Hugging Face Datasets},
}

